@book{brockwell2002introduction,
  title={Introduction to time series and forecasting},
  author={Brockwell, Peter J and Davis, Richard A},
  year={2002},
  publisher={Springer}
}

@article{hao2024improving,
  title={Improving long-term multivariate time series forecasting with a seasonal-trend decomposition-based 2-dimensional temporal convolution dense network},
  author={Hao, Jianhua and Liu, Fangai},
  journal={Scientific Reports},
  volume={14},
  number={1},
  pages={1689},
  year={2024},
  publisher={Nature Publishing Group UK London}
}